%% This BibTeX bibliography file was created using BibDesk.
%% http://bibdesk.sourceforge.net/


%% Created for Andr√© Eife at 2011-08-03 21:27:15 +0200 


%% Saved with string encoding Unicode (UTF-8) 



@misc{SmartyXT,
	Author = {{pocketbit GmbH}},
	Date-Added = {2011-08-03 19:24:03 +0000},
	Date-Modified = {2011-08-03 19:27:08 +0000},
	Howpublished = {Webseite},
	Month = {26. Juli},
	Owner = {bpi},
	Title = {Wie wird ein xt:Commerce Template erstellt?},
	Url = {http://www.i3internet.de/index.php?module=mtpl&func=makingoftemplate&subpage=full},
	Year = {2011},
	Bdsk-Url-1 = {http://www.xt-commerce.com/shopsystem.html}}

@misc{Smarty,
	Author = {{New Digital Group}},
	Date-Added = {2011-08-03 19:22:00 +0000},
	Date-Modified = {2011-08-03 19:23:39 +0000},
	Howpublished = {Webseite},
	Month = {26. Juli},
	Owner = {bpi},
	Title = {Smarty Dokumentation},
	Url = {http://www.smarty.net/documentation},
	Year = {2011},
	Bdsk-Url-1 = {http://www.xt-commerce.com/shopsystem.html}}

@misc{ADOdb,
	Author = {John Lim},
	Date-Added = {2011-08-03 19:10:28 +0000},
	Date-Modified = {2011-08-03 19:12:12 +0000},
	Howpublished = {Webseite},
	Month = {11. Juni},
	Owner = {bpi},
	Title = {ADOdb Database Abstraction Library for PHP (and Python)},
	Url = {http://www.adodb.sourceforge.net/#docs},
	Year = {2011},
	Bdsk-Url-1 = {http://www.gruenderlexikon.de/magazin/onlineshops-auf-dem-vormarsch-%5C%E2%5C%80%5C%93-springen-sie-auf-den-zug-auf}}

@misc{Mehrsprachigkeit,
	Author = {{pocketbit GmbH}},
	Date-Added = {2011-07-26 12:01:31 +0000},
	Date-Modified = {2011-07-27 11:27:49 +0000},
	Howpublished = {Webseite},
	Month = {26. Juli},
	Owner = {bpi},
	Title = {Der mehrsprachige Shop},
	Url = {http://doku.i3internet.de/index.php?title=Der_mehrsprachige_Shop},
	Year = {2011},
	Bdsk-Url-1 = {http://www.xt-commerce.com/shopsystem.html}}

@misc{commerceTricks,
	Author = {Alexander Scherbaum},
	Date-Added = {2011-07-25 10:21:05 +0000},
	Date-Modified = {2011-07-27 11:30:43 +0000},
	Howpublished = {Webseite},
	Month = {24. Juli},
	Owner = {bpi},
	Title = {xt:Commerce 4 Veyton Plugins entwickeln: Einf{\"u}hrung},
	Url = {http://www.commerce-tricks.de/veyton/xtcommerce-4-veyton-plugins-entwickeln-einfuhrung-1191.html},
	Year = {2011},
	Bdsk-Url-1 = {http://www.gruenderlexikon.de/magazin/onlineshops-auf-dem-vormarsch-%5C%E2%5C%80%5C%93-springen-sie-auf-den-zug-auf}}

@misc{jQuery-Accordion,
	Author = {J{\"o}rn Zaefferer},
	Date-Added = {2011-07-23 08:40:58 +0000},
	Date-Modified = {2011-07-27 11:29:54 +0000},
	Howpublished = {Webseite},
	Month = {24. Juli},
	Owner = {bpi},
	Title = {jQuery Accordion Demo},
	Url = {http://jquery.bassistance.de/accordion/demo/},
	Year = {2011},
	Bdsk-Url-1 = {http://www.gruenderlexikon.de/magazin/onlineshops-auf-dem-vormarsch-%5C%E2%5C%80%5C%93-springen-sie-auf-den-zug-auf}}

@misc{BuiHinsche,
	Author = {{BuI Hinsche GmbH}},
	Date-Added = {2011-07-12 12:59:22 +0200},
	Date-Modified = {2011-07-27 11:27:17 +0000},
	Howpublished = {Webseite},
	Month = {11. Juni},
	Owner = {bpi},
	Title = {BuI Hinsche Produktkonfigurator},
	Url = {http://www.bui-hinsche.de/produkte/xtcommerce/produktkonfigurator/},
	Year = {2011},
	Bdsk-Url-1 = {http://www.gruenderlexikon.de/magazin/onlineshops-auf-dem-vormarsch-%5C%E2%5C%80%5C%93-springen-sie-auf-den-zug-auf}}

@misc{Java,
	Author = {{Oracle Corporation}},
	Date-Added = {2011-07-07 15:53:50 +0200},
	Date-Modified = {2011-07-27 11:29:27 +0000},
	Howpublished = {Webseite},
	Month = {11. Juni},
	Owner = {bpi},
	Title = {Java},
	Url = {http://www.java.com/de/},
	Year = {2011},
	Bdsk-Url-1 = {http://www.gruenderlexikon.de/magazin/onlineshops-auf-dem-vormarsch-%5C%E2%5C%80%5C%93-springen-sie-auf-den-zug-auf}}

@misc{WikiXML,
	Author = {Wikipedia},
	Date-Added = {2011-07-07 15:51:20 +0200},
	Date-Modified = {2011-07-27 11:28:12 +0000},
	Howpublished = {Webseite},
	Month = {10. Juli},
	Owner = {bpi},
	Title = {Extensible Markup Language},
	Url = {http://de.wikipedia.org/wiki/Extensible_Markup_Language},
	Year = {2011},
	Bdsk-Url-1 = {http://www.gruenderlexikon.de/magazin/onlineshops-auf-dem-vormarsch-%5C%E2%5C%80%5C%93-springen-sie-auf-den-zug-auf}}

@misc{WikiHTML,
	Author = {Wikipedia},
	Date-Added = {2011-07-07 15:50:16 +0200},
	Date-Modified = {2011-07-27 11:28:21 +0000},
	Howpublished = {Webseite},
	Month = {10. Juli},
	Owner = {bpi},
	Title = {Hypertext Markup Language},
	Url = {http://de.wikipedia.org/wiki/Hypertext_Markup_Language},
	Year = {2011},
	Bdsk-Url-1 = {http://www.gruenderlexikon.de/magazin/onlineshops-auf-dem-vormarsch-%5C%E2%5C%80%5C%93-springen-sie-auf-den-zug-auf}}

@misc{jQuery,
	Author = {{The jQuery Project}},
	Date-Added = {2011-07-07 13:10:57 +0200},
	Date-Modified = {2011-07-27 11:29:39 +0000},
	Howpublished = {Webseite},
	Month = {11. Juni},
	Owner = {bpi},
	Title = {jQuery},
	Url = {http://jquery.com/},
	Year = {2011},
	Bdsk-Url-1 = {http://www.gruenderlexikon.de/magazin/onlineshops-auf-dem-vormarsch-%5C%E2%5C%80%5C%93-springen-sie-auf-den-zug-auf}}

@misc{Javascript,
	Author = {{Mozilla Developer Network}},
	Date-Added = {2011-07-07 13:06:27 +0200},
	Date-Modified = {2011-07-27 11:29:33 +0000},
	Howpublished = {Webseite},
	Month = {11. Juni},
	Owner = {bpi},
	Title = {Javascript Dokumentation},
	Url = {https://developer.mozilla.org/en/JavaScript},
	Year = {2011},
	Bdsk-Url-1 = {http://www.gruenderlexikon.de/magazin/onlineshops-auf-dem-vormarsch-%5C%E2%5C%80%5C%93-springen-sie-auf-den-zug-auf}}

@misc{MySQL,
	Author = {{Oracle Corporation}},
	Date-Added = {2011-07-07 13:00:58 +0200},
	Date-Modified = {2011-07-27 11:26:11 +0000},
	Howpublished = {Webseite},
	Month = {11. Juni},
	Owner = {bpi},
	Title = {MySQL},
	Url = {http://www.mysql.com/},
	Year = {2011},
	Bdsk-Url-1 = {http://www.gruenderlexikon.de/magazin/onlineshops-auf-dem-vormarsch-%5C%E2%5C%80%5C%93-springen-sie-auf-den-zug-auf}}

@misc{W3C2011XML,
	Author = {W3C},
	Date-Added = {2011-07-07 12:57:26 +0200},
	Date-Modified = {2011-07-27 11:28:31 +0000},
	Howpublished = {Webseite},
	Month = {28. Juni},
	Owner = {bpi},
	Title = {Extensible Markup Language (XML)},
	Url = {http://www.w3.org/XML/},
	Year = {2011},
	Bdsk-Url-1 = {http://www.gruenderlexikon.de/magazin/onlineshops-auf-dem-vormarsch-%5C%E2%5C%80%5C%93-springen-sie-auf-den-zug-auf}}

@misc{SELFHTML,
	Author = {Stefan M{\"u}nz},
	Date-Added = {2011-07-07 12:56:49 +0200},
	Date-Modified = {2011-07-27 11:30:21 +0000},
	Howpublished = {Webseite},
	Month = {11. Juni},
	Owner = {bpi},
	Title = {SELFHTML},
	Url = {http://de.selfhtml.org},
	Year = {2011},
	Bdsk-Url-1 = {http://www.gruenderlexikon.de/magazin/onlineshops-auf-dem-vormarsch-%5C%E2%5C%80%5C%93-springen-sie-auf-den-zug-auf}}

@book{Maurice2010,
	Author = {Florence Maurice},
	Date-Added = {2011-06-28 09:37:32 +0200},
	Date-Modified = {2011-06-28 09:39:15 +0200},
	Publisher = {Addison-Wesley},
	Title = {PHP 5.3 & MySQL 5.1 - Der Einstieg in die Programmierung dynamischer Websites},
	Year = {2010}}

@misc{xtCommerce2011,
	Author = {{xt:Commerce GmbH}},
	Date-Modified = {2011-07-27 11:30:36 +0000},
	Howpublished = {Webseite},
	Month = {29. Mai},
	Owner = {bpi},
	Timestamp = {2011.05.10},
	Title = {Was ist xt:Commerce 4?},
	Url = {http://www.xt-commerce.com/shopsystem.html},
	Year = {2011},
	Bdsk-Url-1 = {http://www.xt-commerce.com/shopsystem.html}}

@misc{Hutter2011,
	Author = {Sabine Hutter},
	Date-Modified = {2011-07-27 11:30:13 +0000},
	Howpublished = {Webseite},
	Month = {29. Mai},
	Owner = {bpi},
	Timestamp = {2011.05.09},
	Title = {Onlineshops auf dem Vormarsch - Springen Sie auf den Zug auf},
	Url = {http://www.gruenderlexikon.de/magazin/onlineshops-auf-dem-vormarsch-\%E2\%80\%93-springen-sie-auf-den-zug-auf},
	Year = {2011},
	Bdsk-Url-1 = {http://www.gruenderlexikon.de/magazin/onlineshops-auf-dem-vormarsch-%5C%E2%5C%80%5C%93-springen-sie-auf-den-zug-auf}}

@book{Zanier2010,
	Author = {Astrid Zanier and Bj{\"o}rn Te{\ss}mann},
	Date-Modified = {2011-07-23 15:35:22 +0000},
	Owner = {bpi},
	Publisher = {Galileo Computing},
	Timestamp = {2011.05.09},
	Title = {xt:Commerce Veyton 4 - Das Praxishandbuch},
	Year = {2010}}

@misc{W3C2011,
	Author = {W3C},
	Date-Modified = {2011-07-27 11:29:09 +0000},
	Howpublished = {Webseite},
	Month = {28. Juni},
	Owner = {bpi},
	Timestamp = {2011.07.07},
	Title = {HTML5 - W3C Working Draft},
	Url = {http://www.w3.org/TR/html5/},
	Year = {2011},
	Bdsk-Url-1 = {http://www.w3.org/TR/html5/}}
